<?xml version="1.0" encoding="UTF-8"?><collection xmlns="http://www.loc.gov/MARC21/slim"><record><leader>00382nam--2200133-i-4500</leader><controlfield tag="001">000002145</controlfield><controlfield tag="002">20161230</controlfield><controlfield tag="005">20161230201024</controlfield><controlfield tag="008">060222s1000------------r-----000-0-eng-d</controlfield><datafield ind1=" " ind2=" " tag="080"><subfield code="a">007</subfield></datafield><datafield ind1=" " ind2=" " tag="100"><subfield code="a">Fheorghe, Adrian V</subfield></datafield><datafield ind1=" " ind2=" " tag="245"><subfield code="a">Productivitatea si organizarea informatica a datelor. un ghid pentru birotica</subfield></datafield><datafield ind1=" " ind2=" " tag="260"><subfield code="a">Bucuresti, I. P.  Arta Grafica ., 1987. 120 P</subfield></datafield><datafield ind1=" " ind2=" " tag="852"><subfield code="a">79707</subfield></datafield></record></collection>